技術受容モデル（TAM：Technology Acceptance Model）関連の文献ファイル


@article{中村(2001),
author="中村 雅章",
title="情報システム利用の人間行動モデル : TAM(技術受容モデル)に関する研究",
journal="中京経営研究 = Chukyo keiei kenkyu",
ISSN="09199209",
publisher="中京大学経営学会",
year="2001",
month="2",
volume="10",
number="2",
pages="51-77",
URL="http://ci.nii.ac.jp/naid/110006604368/",
DOI="",
yomi="なかむら",
}

@article{矢島(2019),
author="矢島, 章夫 and 茅, 明子 and 西下, 佳代",
title="超スマート社会でのAIと社会受容性の共進化調査",
journal="第81回全国大会講演論文集",
ISSN="",
publisher="",
year="2019",
month="feb",
volume="2019",
number="1",
pages="421-422",
URL="https://ci.nii.ac.jp/naid/170000180035/",
DOI="",
}

@article{畑中(2020),
author="畑中, 佑介 and 岡, 夏樹 and 田中, 一晶",
title="説明責任を持つAIエージェントの社会的受容性",
journal="人工知能学会全国大会論文集",
ISSN="",
publisher="一般社団法人 人工知能学会",
year="2020",
month="",
volume="JSAI2020",
number="0",
pages="3N1OS11a04-3N1OS11a04",
URL="https://ci.nii.ac.jp/naid/130007857141/",
DOI="10.11517/pjsai.JSAI2020.0_3N1OS11a04",
}

@article{上出(2018),
author="上出, 寛子",
title="モビリティ技術の社会的受容性",
journal="日本心理学会大会発表論文集",
ISSN="",
publisher="公益社団法人 日本心理学会",
year="2018",
month="",
volume="82",
number="0",
pages="2EV-099-2EV-099",
URL="https://ci.nii.ac.jp/naid/130007680831/",
DOI="10.4992/pacjpa.82.0_2EV-099",
}